@misc{website:dalvikjit2010,
     author = "Dan Bornstein",
     title = "Dalvik JIT",
     month = "May",
     year = "2010",
     url = "http://android-developers.blogspot.it/2010/05/dalvik-jit.html",
     howpublished={\url{http://android-developers.blogspot.it/2010/05/dalvik-jit.html}}
}

@misc{website:androiddalvikvm,
    author={Frank Maker},
    title = {Android Dalvik Virtual Machine},
    month = {April},
    year = {2011},
    howpublished = {\url{http://jaxenter.com/android-dalvik-virtual-machine-35498.html}}
}

@misc{website:popularplatform2012,
    author={Jon Fingas},
    title = {IDC: Android has a heady 59 percent of world smartphone share, iPhone still on the way up},
    month = {May},
    year = {2012},
    howpublished = {\url{http://www.engadget.com/2012/05/24/idc-q1-2012-world-smartphone-share/}}
}

@misc{website:dalviki2012wiki,
    author = {Various},
    title = {Dalvik (Software)},
    month = {November},
    year = {2012},
    howpublished = {\url{http://en.wikipedia.org/wiki/Dalvik_(software)}}
}

@misc{website:javadefinitions,
    author = {Oracle Inc.},
    title = {About the Java Technology},
    howpublished = {\url{http://docs.oracle.com/javase/tutorial/getStarted/intro/definition.html}}
}

@book{lindholm1999java,
  title={Java virtual machine specification},
  author={Lindholm, T. and Yellin, F.},
  year={1999},
  publisher={Addison-Wesley Longman Publishing Co., Inc.}
}

@misc{website:understandingjvminternals,
  author = {Se Hoon Park},
  title = {Understanding JVM Internals},
  month = {May},
  year = {2012},
  howpublished = {\url{http://www.cubrid.org/blog/dev-platform/understanding-jvm-internals/}}   
}

@misc{website:javacoffeewiki,
  author = {Various},
  title = {Java Coffee},
  howpublished ={\url{http://en.wikipedia.org/wiki/Java_coffee}}
}

@misc{website:javahistorywiki,
  author = {Various},
  title = {Java (programming language)},
  howpublished = {\url{http://en.wikipedia.org/wiki/Java_programming_language#History}}
}

@inproceedings{bornstein2008dalvik,
  title={Dalvik vm internals},
  author={Bornstein, D.},
  booktitle={Google I/O Developer Conference},
  volume={23},
  pages={17--30},
  year={2008}
}
@misc{website:androidphylosophy,
  author = {Google Inc.},
  title = {Philosophy and Goals},
  year = {2008},
  howpubliched = {\url{http://source.android.com/about/philosophy.html}}
}

@misc{website:dalviktechnical,
  author = {Google inc.},
  title = {Dalvik Technical Information},
  year = {2008},
  howpublished = {\url{http://source.android.com/tech/dalvik/index.html}}
}

@book{venners1996inside,
  title={Inside the Java virtual machine},
  author={Venners, B.},
  year={1996},
  publisher={McGraw-Hill, Inc.}
}

@misc{programming_languages,
  title={TIOBE Programming Community Index for December 2012},
  author={Tiobe Software},
  year = {2012},
  howpublished={\url{http://www.tiobe.com/index.php/content/paperinfo/tpci/index.html}}
}

@article{amdahl1964architecture,
  title={Architecture of the IBM System/360},
  author={Amdahl, G.M. and Blaauw, G.A. and Brooks, FP},
  journal={IBM Journal of Research and Development},
  volume={8},
  number={2},
  pages={87--101},
  year={1964},
  publisher={IBM}
}
  
@misc{khan2009analysis,
  title={Analysis of Dalvik virtual machine and class path library},
  author={Khan, S. and Khan, S. and Banuri, H. and Nauman, M. and Alam, M.},
  year={2009},
  publisher={Tillg{\"a}ngligt p{\aa} Internet: http://imsciences. edu. pk/serg/wp-content/uploads/2009/07/Analysis-of-Dalvik-VM. pdf [H{\"a}mtad 2011-02-18]}
}

@article{smith2005architecture,
  title={The architecture of virtual machines},
  author={Smith, J.E. and Nair, R.},
  journal={Computer},
  volume={38},
  number={5},
  pages={32--38},
  year={2005},
  publisher={IEEE}
}

@misc{wiki_vm,
  author={Wikipedia},
  title={Virtual Machine},
  howpublished={\url{http://en.wikipedia.org/wiki/Virtual_machine}}
}

@misc{wiki_dalvikvm,
  author={Wiki},
  title={Dalvik Virtual Machine},
  howpublished={\url{http://en.wikipedia.org/wiki/Dalvik_virtual_machine}}
}

@misc{jvm_compatible_languages,
 author={Wikipedia},
 title={List of JVM languages},
 howpublished={\url{http://en.wikipedia.org/wiki/List_of_JVM_languages}}
}

@misc{java_community_process,
 author={Oracle Inc.},
 title={Java Community Process},
 howpublished={\url{http://www.jcp.org/en/home/index}}
}

@misc{dot_class_structure,
 author={Oracle Inc.},
 title={The class File Format},
 howpublished={\url{http://docs.oracle.com/javase/specs/jvms/se7/html/jvms-4.html}}
}

@misc{dot_dex_structure,
 author={The Android Open Source Project},
 title={Dalvik Executable Format},
 howpublished={url{http://source.android.com/tech/dalvik/dex-format.html}}
}